%=======================================================================
% article
%=======================================================================
@article{costache2017resource,
  title={Resource management in cloud platform as a service systems: Analysis and opportunities},
  author={Costache, Stefania and Dib, Djawida and Parlavantzas, Nikos and Morin, Christine},
  journal={Journal of Systems and Software},
  volume={132},
  pages={98--118},
  year={2017},
  publisher={Elsevier}
}

@article{curino2011relational,
  title={Relational cloud: A database-as-a-service for the cloud},
  author={Curino, Carlo and Jones, Evan PC and Popa, Raluca Ada and Malviya, Nirmesh and Wu, Eugene and Madden, Sam and Balakrishnan, Hari and Zeldovich, Nickolai},
  year={2011}
}

@article{garcia2012challenges,
  title={Challenges for the comprehensive management of Cloud Services in a PaaS framework},
  author={Garcia-Gomez, Sergio and Jim{\'e}nez-Gan{\'a}n, Miguel and Taher, Yehia and Momm, Christof and Junker, Frederic and Biro, J{\'o}zsef and Menychtas, Andreas and Andrikopoulos, Vasilios and Strauch, Steve},
  journal={Scalable Computing: Practice and Experience},
  pages={201--214},
  year={2012}
}

@article{lo2016restful,
  title={A RESTful web notification service},
  author={Lo, Win-Tsung and Sheu, Ruey-Kai and Chang, Yue-Shan and Chang, Yao-Wen},
  journal={Journal of the Chinese Institute of Engineers},
  volume={39},
  number={4},
  pages={429--435},
  year={2016},
  publisher={Taylor \& Francis}
}

@article{mell2011nist,
  title={The NIST definition of cloud computing},
  author={Mell, Peter and Grance, Tim and others},
  year={2011},
  publisher={Computer Security Division, Information Technology Laboratory, National~â€¦}
}

@article{pimentel2012communicating,
  title={Communicating and displaying real-time data with websocket},
  author={Pimentel, Victoria and Nickerson, Bradford G},
  journal={IEEE Internet Computing},
  volume={16},
  number={4},
  pages={45--53},
  year={2012},
  publisher={IEEE}
}

@article{sharma2015evolution,
  title={Evolution of as-a-service era in cloud. Cornell University Library},
  author={Sharma, Sugam},
  journal={Available at arxiv. org/ftp/arxiv/papers/1507/1507.00939. pdf},
  year={2015}
}

@article{shuang2013research,
  title={Research on server push methods in web browser based instant messaging applications},
  author={Shuang, Kai and Kai, F},
  journal={Journal of Software},
  volume={8},
  number={10},
  pages={2644--2651},
  year={2013},
  publisher={Academy Publisher}
}

@article{silva2014measurement,
  title={Measurement and Verification Scales: a comparative analysis between the Likert and Phrase Completion Scales},
  author={Silva J{\'u}nior, SD and Costa, FJ},
  journal={Braz J Marketing, Opinion, and Media Research},
  volume={15},
  year={2014}
}

@article{tihfon2016efficient,
  title={An efficient multi-task PaaS cloud infrastructure based on docker and AWS ECS for application deployment},
  author={Tihfon, Gemoh Maliva and Park, Sanghyun and Kim, Jinsul and Kim, Yong-Min},
  journal={Cluster Computing},
  volume={19},
  number={3},
  pages={1585--1597},
  year={2016},
  publisher={Springer}
}

@article{valli2017creating,
  title={Creating a questionnaire for a scientific study},
  author={Valli, Raine},
  journal={International Journal of Research Studies in Education},
  volume={6},
  year={2017},
  publisher={Consortia Academia Publishing}
}

@article{westrup2014using,
  title={Using the Go Programming Language in Practice},
  author={Westrup, Erik and Pettersson, Fredrik},
  journal={Department of Computer Science, Faculty of Engineering LTH},
  year={2014}
}

%=======================================================================
% inproceedings
%=======================================================================
@inproceedings{debnath2015xaas,
  title={A xaas savvy automated approach to composite applications},
  author={Debnath, Poulami and Sharma, Vibhu Saujanya and Kaulgud, Vikrant},
  booktitle={2015 IEEE 8th International Conference on Cloud Computing},
  pages={734--741},
  year={2015},
  organization={IEEE}
}

@inproceedings{duan2015everything,
  title={Everything as a service (XaaS) on the cloud: origins, current and future trends},
  author={Duan, Yucong and Fu, Guohua and Zhou, Nianjun and Sun, Xiaobing and Narendra, Nanjangud C and Hu, Bo},
  booktitle={2015 IEEE 8th International Conference on Cloud Computing},
  pages={621--628},
  year={2015},
  organization={IEEE}
}

@inproceedings{gascon2015dynamoth,
  title={Dynamoth: A scalable pub/sub middleware for latency-constrained applications in the cloud},
  author={Gascon-Samson, Julien and Garcia, Franz-Philippe and Kemme, Bettina and Kienzle, J{\"o}rg},
  booktitle={2015 IEEE 35th International Conference on Distributed Computing Systems},
  pages={486--496},
  year={2015},
  organization={IEEE}
}

@inproceedings{gessert2014orestes,
  title={Orestes: A scalable Database-as-a-Service architecture for low latency},
  author={Gessert, Felix and B{\"u}cklers, Florian and Ritter, Norbert},
  booktitle={2014 IEEE 30th International Conference on Data Engineering Workshops},
  pages={215--222},
  year={2014},
  organization={IEEE}
}

@inproceedings{kachele2013beyond,
  title={Beyond IaaS and PaaS: An extended cloud taxonomy for computation, storage and networking},
  author={K{\"a}chele, Steffen and Spann, Christian and Hauck, Franz J and Domaschka, J{\"o}rg},
  booktitle={2013 IEEE/ACM 6th International Conference on Utility and Cloud Computing},
  pages={75--82},
  year={2013},
  organization={IEEE}
}

@inproceedings{la2013framework,
  title={Framework for evaluating reusability of component-as-a-service (caas)},
  author={La, Hyun Jung and Her, Jin Sun and Kim, Soo Dong},
  booktitle={2013 5th International Workshop on Principles of Engineering Service-Oriented Systems (PESOS)},
  pages={41--44},
  year={2013},
  organization={IEEE}
}

@inproceedings{marinos2014network,
  title={Network stack specialization for performance},
  author={Marinos, Ilias and Watson, Robert NM and Handley, Mark},
  booktitle={ACM SIGCOMM Computer Communication Review},
  volume={44},
  number={4},
  pages={175--186},
  year={2014},
  organization={ACM}
}

@inproceedings{vergara2014deployment,
  title={Deployment of Secure Collaborative Softwares as a Service in a Private Cloud to a Software Factory},
  author={Vergara, Guilherme F and Canedo, Edna D and De Freitas, S{\'e}rgio AA and others},
  booktitle={CLOUD COMPUTING 2014, The Fifth International Conference on Cloud Computing, GRIDs, and Virtualization},
  pages={123--129},
  year={2014},
  organization={Citeseer}
}

%=======================================================================
% misc
%=======================================================================
@misc{estep2013mobile,
  title={Mobile html5: Efficiency and performance of websockets and server-sent events},
  author={Estep, Eliot},
  howpublished = {\url{http://nordsecmob.aalto.fi/en/publications/theses2013/thesis_estep/}},
  year={2013}
}

@misc{siteAutoscaleService,
  title = {Autoscale as a Service},
  howpublished = {\url{https://web.archive.org/web/20181006072244/https://github.com/tsuru/tsuru-autoscale}},
  note = {Accessed: 2019-05-21}
}

@misc{siteDBaaS,
  title = {DBaaS},
  howpublished = {\url{https://web.archive.org/web/20190105072508/https://github.com/globocom/database-as-a-service}},
  note = {Accessed: 2019-05-21}
}

@misc{siteFargate,
  title = {Fargate},
  howpublished = {\url{https://web.archive.org/web/20190520202950/https://aws.amazon.com/fargate/}},
  note = {Accessed: 2019-05-21}
}

@misc{siteHealthcheckService,
  title = {Healthcheck as a Service},
  howpublished = {\url{https://web.archive.org/web/20180611010828/https://github.com/tsuru/healthcheck-as-a-service}},
  note = {Accessed: 2019-05-21}
}

@misc{siteMongoDB,
  title = {MongoDB},
  howpublished = {\url{https://web.archive.org/web/20190521093607/https://www.mongodb.com/}},
  note = {Accessed: 2019-05-21}
}

@misc{siteNchan,
  title = {Nchan},
  howpublished = {\url{https://web.archive.org/web/20170724170533/https://www.nginx.com/resources/wiki/modules/Nchan/}},
  note = {Accessed: 2019-05-21}
}

@misc{sitePlanB,
  title = {PlanB},
  howpublished = {\url{https://github.com/tsuru/planb}},
  note = {Accessed: 2019-05-21}
}

@misc{sitePushStream,
  title = {Push Stream},
  howpublished = {\url{https://web.archive.org/web/20190123045845/https://www.nginx.com/resources/wiki/modules/push_stream/}},
  note = {Accessed: 2019-05-21}
}

@misc{siteRPaaS,
  title = {RPaaS},
  howpublished = {\url{https://web.archive.org/web/20180611032027/https://github.com/tsuru/rpaas}},
  note = {Accessed: 2019-05-21}
}

@misc{siteTerraform,
  title = {Terraform},
  howpublished = {\url{https://web.archive.org/web/20190521094256/https://www.terraform.io/}},
  note = {Accessed: 2019-05-21}
}

@misc{siteTsuru,
  title = {Tsuru},
  howpublished = {\url{https://web.archive.org/web/20190523024243/https://docs.tsuru.io/1.6/}},
  note = {Accessed: 2019-05-21}
}

%=======================================================================
% techreport
%=======================================================================
@techreport{htmlStandard,
  author      = "Terence Eden and Xiaoqian Wu and Sangwhan Moon and Shwetank Dixit and Scott O'Hara and Patricia Aas and Bruce Lawson",
  title       = "{HTML} 5.3",
  month       = aug,
  note        = "https://www.w3.org/TR/2018/WD-html53-20180809/",
  year        = "2018",
  bibsource   = "http://w2.syronex.com/jmr/w3c-biblio",
  type        = "{W3C} Working Draft",
  institution = "W3C",
}

@techreport{rfc6455,
  author = {I. Fette, A. Melnikov},
  title = {The WebSocket Protocol},
  howpublished = {Internet Requests for Comments},
  type = {RFC},
  number = 6455,
  year = {2011},
  month = {December},
  issn = {2070-1721},
  publisher = {RFC Editor},
  institution = {RFC Editor},
  url = {https://www.rfc-editor.org/rfc/rfc6455.txt}
}
